<collection xmlns="http://www.loc.gov/MARC21/slim">
<record>
  <leader>01443nam0a2200277 i 450 </leader>
  <controlfield tag="001">IT\ICCU\CNCE\004921</controlfield>
  <controlfield tag="005">20161004000000.0</controlfield>
  <datafield tag="012" ind1=" " ind2=" ">
    <subfield code="a">n-ra poer diel grbi (3) 1585 (A)</subfield>
    <subfield code="2">fei</subfield>
  </datafield>
  <datafield tag="100" ind1=" " ind2=" ">
    <subfield code="a">19970101d1585        0itac0103    ba</subfield>
  </datafield>
  <datafield tag="101" ind1=" " ind2=" ">
    <subfield code="a">ITA</subfield>
  </datafield>
  <datafield tag="102" ind1=" " ind2=" ">
    <subfield code="a">IT</subfield>
  </datafield>
  <datafield tag="200" ind1="1" ind2=" ">
    <subfield code="a">Pratica dell&apos;oration mentale di f. Mathia Bellintani da Salo, dell&apos;Ordine de&apos; frati di S. Francesco Cappuccini. Parte prima. Di nuouo dallo stesso autore riueduta, corretta, &amp; in alcune parti ridotta a miglior forma</subfield>
  </datafield>
  <datafield tag="210" ind1=" " ind2=" ">
    <subfield code="a">In Palermo</subfield>
    <subfield code="c">per Gio. Francesco Carrara</subfield>
    <subfield code="d">1585</subfield>
  </datafield>
  <datafield tag="215" ind1=" " ind2=" ">
    <subfield code="a">372 p.</subfield>
    <subfield code="d">12ʻ</subfield>
  </datafield>
  <datafield tag="620" ind1=" " ind2=" ">
    <subfield code="a">IT</subfield>
    <subfield code="d">Palermo</subfield>
  </datafield>
  <datafield tag="700" ind1=" " ind2="1">
    <subfield code="a">Bellintani,</subfield>
    <subfield code="b">Mattia</subfield>
    <subfield code="3">IT\ICCU\CNCA\001539</subfield>
  </datafield>
  <datafield tag="712" ind1="0" ind2="0">
    <subfield code="a">Carrara, Giovanni Francesco</subfield>
    <subfield code="3">IT\ICCU\CNCT\002226</subfield>
    <subfield code="4">650</subfield>
  </datafield>
  <datafield tag="790" ind1=" " ind2="1">
    <subfield code="a">Belintani,</subfield>
    <subfield code="b">Mattia</subfield>
    <subfield code="3">IT\ICCU\CNCA\013764</subfield>
    <subfield code="z">Bellintani, Mattia</subfield>
  </datafield>
  <datafield tag="790" ind1=" " ind2="0">
    <subfield code="a">Mattia</subfield>
    <subfield code="c"></subfield>
    <subfield code="3">IT\ICCU\CNCA\013766</subfield>
    <subfield code="z">Bellintani, Mattia</subfield>
  </datafield>
  <datafield tag="791" ind1="0" ind2="0">
    <subfield code="a">Carrara, Ioannes Franciscus</subfield>
    <subfield code="3">IT\ICCU\CNCT\004470</subfield>
    <subfield code="z">Carrara, Giovanni Francesco</subfield>
  </datafield>
  <datafield tag="791" ind1="0" ind2="0">
    <subfield code="a">Carrara, Franciscus</subfield>
    <subfield code="3">IT\ICCU\CNCT\004474</subfield>
    <subfield code="z">Carrara, Giovanni Francesco</subfield>
  </datafield>
  <datafield tag="801" ind1=" " ind2="3">
    <subfield code="a">IT</subfield>
    <subfield code="b">ICCU</subfield>
    <subfield code="c">20201113</subfield>
  </datafield>
  <datafield tag="899" ind1=" " ind2=" ">
    <subfield code="a">Biblioteca comunale Tommaso Fazello. Sciacca</subfield>
    <subfield code="1">AG0042</subfield>
    <subfield code="2">AGR 23</subfield>
  </datafield>
  <datafield tag="899" ind1=" " ind2=" ">
    <subfield code="a">Biblioteca provinciale dei frati minori cappuccini Madonna di Pompei. Messina</subfield>
    <subfield code="1">ME0179</subfield>
    <subfield code="2">MES FC</subfield>
  </datafield>
  <datafield tag="899" ind1=" " ind2=" ">
    <subfield code="a">Biblioteca centrale della Regione siciliana Alberto Bombace. Palermo</subfield>
    <subfield code="1">PA0064</subfield>
    <subfield code="2">PAL BP</subfield>
  </datafield>
  <datafield tag="899" ind1=" " ind2=" ">
    <subfield code="a">Biblioteca provinciale dei cappuccini. Palermo</subfield>
    <subfield code="1">PA0092</subfield>
    <subfield code="2">PAL 66</subfield>
  </datafield>
</record>
</collection>
